{
  "leader": "03513cam a2200493 a 4500",
  "fields": [
    {
      "001": "ocm49620054\\"
    },
    {
      "003": "OCoLC"
    },
    {
      "005": "20211116102734.0"
    },
    {
      "008": "011105s2001\\\\\\\\enkac\\\\\\\\b\\\\\\\\001\\0\\eng\\d"
    },
    {
      "040": {
        "ind1": "\\",
        "ind2": "\\",
        "subfields": [
          {
            "a": "EUW"
          },
          {
            "b": "eng"
          },
          {
            "c": "NLM"
          },
          {
            "d": "UKM"
          },
          {
            "d": "LVB"
          },
          {
            "d": "EUW"
          },
          {
            "d": "TKN"
          },
          {
            "d": "NDD"
          },
          {
            "d": "PMC"
          },
          {
            "d": "NGU"
          },
          {
            "d": "NLGGC"
          },
          {
            "d": "BAKER"
          },
          {
            "d": "YDXCP"
          },
          {
            "d": "CGC"
          },
          {
            "d": "UV0"
          },
          {
            "d": "DRB"
          },
          {
            "d": "ZWZ"
          },
          {
            "d": "BDX"
          },
          {
            "d": "OCLCF"
          },
          {
            "d": "BTCTA"
          },
          {
            "d": "OCLCO"
          },
          {
            "d": "OCLCQ"
          },
          {
            "d": "OCLCO"
          },
          {
            "d": "OCLCA"
          },
          {
            "d": "DHA"
          },
          {
            "d": "OCLCQ"
          },
          {
            "d": "CEF"
          },
          {
            "d": "TYC"
          },
          {
            "d": "MRM"
          },
          {
            "d": "OCLCQ"
          },
          {
            "d": "CNO"
          },
          {
            "d": "PAU"
          },
          {
            "d": "NJR"
          },
          {
            "d": "EUM"
          },
          {
            "d": "TORON"
          },
          {
            "d": "DXU"
          },
          {
            "d": "LVT"
          },
          {
            "d": "YOU"
          },
          {
            "d": "OCLCQ"
          },
          {
            "d": "EZC"
          },
          {
            "d": "LGG"
          },
          {
            "d": "OCLCQ"
          },
          {
            "d": "U3G"
          },
          {
            "d": "NJT"
          },
          {
            "d": "OCLCQ"
          },
          {
            "d": "OCLCO"
          },
          {
            "d": "OCLCA"
          },
          {
            "d": "L2U"
          },
          {
            "d": "OCLCA"
          },
          {
            "d": "SNU"
          },
          {
            "d": "IL4J6"
          },
          {
            "d": "OCLCQ"
          },
          {
            "d": "UKMGB"
          },
          {
            "d": "OCLCO"
          }
        ]
      }
    },
    {
      "016": {
        "ind1": "7",
        "ind2": "\\",
        "subfields": [
          {
            "a": "101135264"
          },
          {
            "2": "DNLM"
          }
        ]
      }
    },
    {
      "016": {
        "ind1": "7",
        "ind2": "\\",
        "subfields": [
          {
            "a": "012615720"
          },
          {
            "2": "Uk"
          }
        ]
      }
    },
    {
      "019": {
        "ind1": "\\",
        "ind2": "\\",
        "subfields": [
          {
            "a": "48269053"
          },
          {
            "a": "491424589"
          },
          {
            "a": "612081432"
          },
          {
            "a": "1157387836"
          }
        ]
      }
    },
    {
      "020": {
        "ind1": "\\",
        "ind2": "\\",
        "subfields": [
          {
            "a": "9780415271202"
          }
        ]
      }
    },
    {
      "020": {
        "ind1": "\\",
        "ind2": "\\",
        "subfields": [
          {
            "a": "0415271207"
          }
        ]
      }
    },
    {
      "035": {
        "ind1": "\\",
        "ind2": "\\",
        "subfields": [
          {
            "a": "(OCoLC)49620054"
          },
          {
            "z": "(OCoLC)48269053"
          },
          {
            "z": "(OCoLC)491424589"
          },
          {
            "z": "(OCoLC)612081432"
          },
          {
            "z": "(OCoLC)1157387836"
          }
        ]
      }
    },
    {
      "042": {
        "ind1": "\\",
        "ind2": "\\",
        "subfields": [
          {
            "a": "nlmcopyc"
          }
        ]
      }
    },
    {
      "050": {
        "ind1": "\\",
        "ind2": "4",
        "subfields": [
          {
            "a": "RA649"
          },
          {
            "b": ".H47 2001"
          }
        ]
      }
    },
    {
      "060": {
        "ind1": "0",
        "ind2": "0",
        "subfields": [
          {
            "a": "2002 B-103"
          }
        ]
      }
    },
    {
      "060": {
        "ind1": "1",
        "ind2": "0",
        "subfields": [
          {
            "a": "WA 11.1"
          },
          {
            "b": "H542 2001"
          }
        ]
      }
    },
    {
      "082": {
        "ind1": "0",
        "ind2": "4",
        "subfields": [
          {
            "a": "616.9"
          },
          {
            "b": "HER"
          }
        ]
      }
    },
    {
      "245": {
        "ind1": "0",
        "ind2": "0",
        "subfields": [
          {
            "a": "Heredity and infection :"
          },
          {
            "b": "the history of disease transmission /"
          },
          {
            "c": "edited by Jean-Paul Gaudillie\u0300re and Ilana Lo\u0308wy."
          }
        ]
      }
    },
    {
      "260": {
        "ind1": "\\",
        "ind2": "\\",
        "subfields": [
          {
            "a": "London :"
          },
          {
            "a": "New York :"
          },
          {
            "b": "Routledge,"
          },
          {
            "c": "2001."
          }
        ]
      }
    },
    {
      "300": {
        "ind1": "\\",
        "ind2": "\\",
        "subfields": [
          {
            "a": "ix, 383 pages :"
          },
          {
            "b": "illustrations, portraits ;"
          },
          {
            "c": "24 cm"
          }
        ]
      }
    },
    {
      "336": {
        "ind1": "\\",
        "ind2": "\\",
        "subfields": [
          {
            "a": "text"
          },
          {
            "b": "txt"
          },
          {
            "2": "rdacontent"
          }
        ]
      }
    },
    {
      "337": {
        "ind1": "\\",
        "ind2": "\\",
        "subfields": [
          {
            "a": "unmediated"
          },
          {
            "b": "n"
          },
          {
            "2": "rdamedia"
          }
        ]
      }
    },
    {
      "338": {
        "ind1": "\\",
        "ind2": "\\",
        "subfields": [
          {
            "a": "volume"
          },
          {
            "b": "nc"
          },
          {
            "2": "rdacarrier"
          }
        ]
      }
    },
    {
      "490": {
        "ind1": "1",
        "ind2": "\\",
        "subfields": [
          {
            "a": "Studies in the history of science, technology and medicine ;"
          },
          {
            "v": "v. 14"
          }
        ]
      }
    },
    {
      "504": {
        "ind1": "\\",
        "ind2": "\\",
        "subfields": [
          {
            "a": "Includes bibliographical references and indexes."
          }
        ]
      }
    },
    {
      "505": {
        "ind1": "0",
        "ind2": "\\",
        "subfields": [
          {
            "a": "Horizontal and vertical transmission of diseases : the impossible separation / Jean-Paul Gaudillie\u0300re and Ilana Lo\u0308wy -- Medicine and the making of bodily inequality in twentieth-century Europe / J. Andrew Mendelsohn -- From heredity to infection? : tuberculosis, 1870-1890 / Michael Worboys -- Purity and danger in colour : notes on germ theory and the semantics of segregation, 1895-1915 / JoAnne Brown -- Standardizing epidemics : infection, inheritance and environment in prewar experimental epidemiology / Olga Amsterdamska -- Making heredity in mice and men : the production and uses of animal models in postwar human genetics / Jean-Paul Gaudillie\u0300re -- Experimental platforms and technologies of visualisation : cancer as viral epidemic, 1930-1960 / Angela N.H. Creager and Jean-Paul Gaudillie\u0300re -- Degeneration theory and heredity patterns between 1850 and 1900 / Patrice Pinell -- Hereditary diseases and environmental factors in the 'mixed economy' of public health : Rene\u0301 Sand and the French social medicine, 1920-1934 / Patrick Zylberman -- From family pedigrees to molecular markers : on cancer and heredity at St Mark's Hospital, 1924-1995 / Paolo Palladino --Vertical ancestries and horizontal risks : hepatitis B and AIDS / Jennifer Stanton and Virginia Berridge -- Predispositions, cofactors and images of AIDS / Ilana Lo\u0308wy."
          }
        ]
      }
    },
    {
      "540": {
        "ind1": "\\",
        "ind2": "\\",
        "subfields": [
          {
            "a": "Current Copyright Fee: GBP22.50"
          },
          {
            "c": "0."
          },
          {
            "5": "Uk"
          }
        ]
      }
    },
    {
      "650": {
        "ind1": "\\",
        "ind2": "0",
        "subfields": [
          {
            "a": "Communicable diseases"
          },
          {
            "x": "Transmission."
          }
        ]
      }
    },
    {
      "650": {
        "ind1": "\\",
        "ind2": "0",
        "subfields": [
          {
            "a": "Genetic disorders."
          }
        ]
      }
    },
    {
      "650": {
        "ind1": "1",
        "ind2": "2",
        "subfields": [
          {
            "a": "Disease Transmission, Infectious"
          },
          {
            "x": "history."
          }
        ]
      }
    },
    {
      "650": {
        "ind1": "2",
        "ind2": "2",
        "subfields": [
          {
            "a": "Immunogenetics"
          },
          {
            "x": "history."
          }
        ]
      }
    },
    {
      "650": {
        "ind1": "2",
        "ind2": "2",
        "subfields": [
          {
            "a": "Social Medicine"
          },
          {
            "x": "history."
          }
        ]
      }
    },
    {
      "650": {
        "ind1": "\\",
        "ind2": "7",
        "subfields": [
          {
            "a": "Communicable diseases"
          },
          {
            "x": "Transmission."
          },
          {
            "2": "fast"
          },
          {
            "0": "(OCoLC)fst00869923"
          }
        ]
      }
    },
    {
      "650": {
        "ind1": "\\",
        "ind2": "7",
        "subfields": [
          {
            "a": "Genetic disorders."
          },
          {
            "2": "fast"
          },
          {
            "0": "(OCoLC)fst00940009"
          }
        ]
      }
    },
    {
      "700": {
        "ind1": "1",
        "ind2": "\\",
        "subfields": [
          {
            "a": "Gaudillie\u0300re, Jean-Paul,"
          },
          {
            "d": "1957-"
          }
        ]
      }
    },
    {
      "700": {
        "ind1": "1",
        "ind2": "\\",
        "subfields": [
          {
            "a": "Lo\u0308wy, Ilana,"
          },
          {
            "d": "1948-"
          }
        ]
      }
    },
    {
      "830": {
        "ind1": "\\",
        "ind2": "0",
        "subfields": [
          {
            "a": "Studies in the history of science, technology, and medicine ;"
          },
          {
            "v": "v. 14."
          }
        ]
      }
    },
    {
      "994": {
        "ind1": "\\",
        "ind2": "\\",
        "subfields": [
          {
            "a": "Z0"
          },
          {
            "b": "NYRVC"
          }
        ]
      }
    },
    {
      "948": {
        "ind1": "\\",
        "ind2": "\\",
        "subfields": [
          {
            "h": "NO HOLDINGS IN NYRVC - 238 OTHER HOLDINGS"
          }
        ]
      }
    },
    {
      "999": {
        "ind1": "\\",
        "ind2": "\\",
        "subfields": [
          {
            "a": "00000000012075"
          }
        ]
      }
    }
  ]
}